<?xml version="1.0" encoding="UTF-8"?>
<collection
  xmlns:xsi="http://www.w3.org/2001/XMLSchema-instance"
  xsi:schemaLocation="http://www.loc.gov/MARC21/slim http://www.loc.gov/standards/marcxml/schema/MARC21slim.xsd"
  xmlns="http://www.loc.gov/MARC21/slim">

<record>
  <leader>02862ckdaa2200457 a 4500</leader>
  <controlfield tag="001">3460486</controlfield>
  <controlfield tag="005">20110114160435.0</controlfield>
  <controlfield tag="008">870213s1949    nyu||| ||||||     k|eng d</controlfield>
  <datafield tag="035" ind1=" " ind2=" ">
    <subfield code="a">(OCoLC)80106372</subfield>
  </datafield>
  <datafield tag="035" ind1=" " ind2=" ">
    <subfield code="a">(OCoLC)ocm80106372</subfield>
  </datafield>
  <datafield tag="035" ind1=" " ind2=" ">
    <subfield code="a">(CStRLIN)NYDA87-F68</subfield>
  </datafield>
  <datafield tag="035" ind1=" " ind2=" ">
    <subfield code="9">AAA0957AD</subfield>
  </datafield>
  <datafield tag="035" ind1=" " ind2=" ">
    <subfield code="a">(NNC)3460486</subfield>
  </datafield>
  <datafield tag="040" ind1=" " ind2=" ">
    <subfield code="a">NNC</subfield>
    <subfield code="c">NNC</subfield>
    <subfield code="e">gihc</subfield>
  </datafield>
  <datafield tag="043" ind1=" " ind2=" ">
    <subfield code="a">n-us-ny</subfield>
  </datafield>
  <datafield tag="100" ind1="1" ind2=" ">
    <subfield code="a">Ferriss, Hugh,</subfield>
    <subfield code="d">1889-1962.</subfield>
  </datafield>
  <datafield tag="240" ind1="1" ind2="0">
    <subfield code="a">United Nations (New York, N.Y.)</subfield>
  </datafield>
  <datafield tag="245" ind1="1" ind2="0">
    <subfield code="a">[United Nations Headquarters design development drawings]</subfield>
    <subfield code="h">[graphic] :</subfield>
    <subfield code="b">[renderings of design stages of the United Nations Center] /</subfield>
    <subfield code="c">Hugh Ferriss.</subfield>
  </datafield>
  <datafield tag="260" ind1=" " ind2=" ">
    <subfield code="c">1949.</subfield>
  </datafield>
  <datafield tag="300" ind1=" " ind2=" ">
    <subfield code="a">5 drawings :</subfield>
    <subfield code="b">graphite on tracing paper, some with charcoal or colored crayon ;</subfield>
    <subfield code="c">60.7 x 91.0 cm. (23 7/8 x 35 7/8 in.) or smaller.</subfield>
  </datafield>
  <datafield tag="580" ind1=" " ind2=" ">
    <subfield code="a">Forms part of the Hugh Ferriss architectural drawings and papers, Dept. of Drawings &amp; Archives, Avery Architectural and Fine Arts Library.</subfield>
  </datafield>
  <datafield tag="500" ind1=" " ind2=" ">
    <subfield code="a">Title supplied by cataloger.</subfield>
  </datafield>
  <datafield tag="650" ind1=" " ind2="7">
    <subfield code="a">International organization buildings.</subfield>
    <subfield code="2">aat</subfield>
  </datafield>
  <datafield tag="655" ind1=" " ind2="7">
    <subfield code="a">Architectural drawings</subfield>
    <subfield code="x">American.</subfield>
    <subfield code="2">aat</subfield>
  </datafield>
  <datafield tag="655" ind1=" " ind2="7">
    <subfield code="a">Perspective drawings.</subfield>
    <subfield code="2">aat</subfield>
  </datafield>
  <datafield tag="655" ind1=" " ind2="7">
    <subfield code="a">Design development drawings.</subfield>
    <subfield code="2">aat</subfield>
  </datafield>
  <datafield tag="651" ind1=" " ind2="0">
    <subfield code="a">New York (N.Y.)</subfield>
  </datafield>
  <datafield tag="650" ind1=" " ind2="0">
    <subfield code="a">Architecture</subfield>
    <subfield code="z">United States</subfield>
    <subfield code="v">Designs and plans.</subfield>
  </datafield>
  <datafield tag="610" ind1="2" ind2="0">
    <subfield code="a">United Nations (New York, N.Y.)</subfield>
  </datafield>
  <datafield tag="700" ind1="1" ind2=" ">
    <subfield code="a">Harrison, Wallace K.</subfield>
    <subfield code="q">(Wallace Kirkman),</subfield>
    <subfield code="d">1895-1981.</subfield>
  </datafield>
  <datafield tag="710" ind1="2" ind2=" ">
    <subfield code="a">United Nations Headquarters planning staff.</subfield>
  </datafield>
  <datafield tag="755" ind1=" " ind2=" ">
    <subfield code="a">Pencil drawings.</subfield>
    <subfield code="2">aat</subfield>
  </datafield>
  <datafield tag="755" ind1=" " ind2=" ">
    <subfield code="a">Crayon drawings.</subfield>
    <subfield code="2">aat</subfield>
  </datafield>
  <datafield tag="755" ind1=" " ind2=" ">
    <subfield code="a">Charcoal drawings.</subfield>
    <subfield code="2">aat</subfield>
  </datafield>
  <datafield tag="799" ind1="4" ind2="3">
    <subfield code="a">The Hugh Ferriss collection.</subfield>
  </datafield>
  <datafield tag="789" ind1="0" ind2=" ">
    <subfield code="l">[1]</subfield>
    <subfield code="i">NYDA.1000.001.00217.</subfield>
    <subfield code="t">Perspective of building at N. end of complex with river in foreground :</subfield>
    <subfield code="n">[Drwg. no.] 1,</subfield>
    <subfield code="d">Feb. 22, '49.</subfield>
    <subfield code="p">Graphite and charcoal (or black crayon) with color and white chalk on tracing paper ; 57.4 x 91.0 cm. (22 5/8 x 35 7/8 in.)</subfield>
    <subfield code="o">Date and title in lower center; date possibly 1947.</subfield>
  </datafield>
  <datafield tag="789" ind1="0" ind2=" ">
    <subfield code="l">[2]</subfield>
    <subfield code="i">NYDA.1000.001.00218.</subfield>
    <subfield code="t">[Perspective looking south],</subfield>
    <subfield code="d">Feb 28, [19]49.</subfield>
    <subfield code="p">Graphite and black crayon with color and white chalk on tracing paper ; 60.8 x 90.9 cm. (24 x 35 7/8 in.)</subfield>
    <subfield code="o">Dated in pencil lower center.</subfield>
  </datafield>
  <datafield tag="789" ind1="0" ind2=" ">
    <subfield code="l">[3]</subfield>
    <subfield code="i">NYDA.1000.001.00219.</subfield>
    <subfield code="t">[Perspective of north wall] /</subfield>
    <subfield code="c">[attributed to Wallace Harrison, renderer],</subfield>
    <subfield code="d">Mar. 1, [19]49.</subfield>
    <subfield code="p">Graphite on tracing paper ; 60.7 x 91.0 cm. (23 7/8 x 35 7/8 in.)</subfield>
    <subfield code="o">Date lower right in Ferriss' hand.</subfield>
    <subfield code="o">"UN not in Power in buildings"--inscribed lower left.</subfield>
  </datafield>
  <datafield tag="789" ind1="0" ind2=" ">
    <subfield code="l">[4]</subfield>
    <subfield code="i">NYDA.1000.001.00220.</subfield>
    <subfield code="t">[Perspective view of north entrance],</subfield>
    <subfield code="d">May 6.</subfield>
    <subfield code="p">Graphite with color (crayon) on tracing paper ; 45.4 x 80.2 cm. (17 7/8 x 31 5/8 in.)</subfield>
    <subfield code="o">Date lower right.</subfield>
  </datafield>
  <datafield tag="789" ind1="0" ind2=" ">
    <subfield code="l">[5]</subfield>
    <subfield code="i">NYDA.1000.001.00221.</subfield>
    <subfield code="t">[Perspective view of north entrance]</subfield>
    <subfield code="p">Graphite on tracing paper ; 41.6 x 60.8 cm. (16 3/8 x 24 in.)</subfield>
    <subfield code="o">"U.N. not in Power in Bldgs"--inscribed lower left.</subfield>
  </datafield>
  <datafield tag="900" ind1=" " ind2=" ">
    <subfield code="a">AUTH</subfield>
  </datafield>
</record>

</collection>